
@article{sozeau2010new,
  title={A new look at generalized rewriting in type theory},
  author={Sozeau, Matthieu},
  journal={Journal of Formalized Reasoning},
  volume=2,
  number=1,
  pages={41--62},
  year=2010
}

@techreport{coq86manual,
  title =        {\mbox{The Coq proof assistant reference manual}},
  author =       {\mbox{The Coq development team}},
  institution =  {INRIA},
  note =         {Version 8.6beta1},
  year =         2016,
  url =          "https://coq.inria.fr/"
}

@inproceedings{zimmermann,
author = {Zimmermann, Th\'eo and Herbelin, Hugo},
booktitle = {Conference on Intelligent Computer Mathematics, work-in-progress track},
eprint = {arXiv:1505.05028v4},
title = {{Automatic and Transparent Transfer of Theorems along Isomorphisms in the Coq Proof Assistant}},
year = 2015,
url = "https://arxiv.org/abs/1505.05028"
}

@techreport{gonthier,
  TITLE = {{A Small Scale Reflection Extension for the Coq system}},
  AUTHOR = {Gonthier, Georges and Mahboubi, Assia and Tassi, Enrico},
  URL = {https://hal.inria.fr/inria-00258384},
  TYPE = {Research Report},
  NUMBER = {RR-6455},
  INSTITUTION = {{Inria Saclay Ile de France}},
  YEAR = {2016},
  PDF = {https://hal.inria.fr/inria-00258384/file/main.pdf},
  HAL_ID = {inria-00258384},
  HAL_VERSION = {v17},
}
